<?xml version="1.0" encoding="UTF-8"?><collection xmlns="http://www.loc.gov/MARC21/slim"><record><leader>00366nam--2200121-i-4500</leader><controlfield tag="001">000005472</controlfield><controlfield tag="002">20161230</controlfield><controlfield tag="005">20161230201026</controlfield><controlfield tag="008">060222s1000------------r-----000-0-eng-d</controlfield><datafield ind1=" " ind2=" " tag="100"><subfield code="a">Cockcroft, John</subfield></datafield><datafield ind1=" " ind2=" " tag="245"><subfield code="a">Atomic energy research at harwell. a lecture t o the university of coimbra on july 11th 1955</subfield></datafield><datafield ind1=" " ind2=" " tag="260"><subfield code="a">Coimbra, Tipografia Da Atlantida, 1955</subfield></datafield><datafield ind1=" " ind2=" " tag="490"><subfield code="a">17 P</subfield></datafield></record></collection>